@article{add:BonKim20,
  author       = {Dan Boneh and Sam Kim},
  title        = {One-Time and Interactive Aggregate Signatures from Lattices},
  howpublished = {Unpublished manuscript},
  note         = {\url{https://crypto.stanford.edu/~skim13/agg_ots.pdf}},
  year         = {2020}
}

@inproceedings{add:ChaGarNik20,
  author       = {Konstantinos Chalkias and
                  Fran{\c{c}}ois Garillot and
                  Valeria Nikolaenko},
  editor       = {Thyla van der Merwe and
                  Chris J. Mitchell and
                  Maryam Mehrnezhad},
  title        = {Taming the Many {EdDSAs}},
  booktitle    = {Security Standardisation Research - {SSR} 2020},
  series       = {Lecture Notes in Computer Science},
  volume       = {12529},
  pages        = {67--90},
  publisher    = {Springer},
  year         = {2020},
  doi          = {10.1007/978-3-030-64357-7\_4}
}

@misc{add:FSYH24,
      author = {Yuuki Fujita and Yusuke Sakai and Kyosuke Yamashita and Goichiro Hanaoka},
      title = {On Key Substitution Attacks against Aggregate Signatures and Multi-Signatures},
      howpublished = {Cryptology {ePrint} Archive, Paper 2024/1728},
      year = {2024},
      url = {https://eprint.iacr.org/2024/1728}
}

@article{add:Lacharite18,
  author       = {Marie{-}Sarah Lacharit{\'{e}}},
  title        = {Security of {BLS} and {BGLS} signatures in a multi-user setting},
  journal      = {Cryptogr. Commun.},
  volume       = {10},
  number       = {1},
  pages        = {41--58},
  year         = {2018},
  url          = {https://doi.org/10.1007/s12095-017-0253-6},
  doi          = {10.1007/S12095-017-0253-6}
}

@article{add:KenLynSeo00,
  author       = {Stephen T. Kent and
                  Charles Lynn and
                  Karen Seo},
  title        = {Secure Border Gateway Protocol {(S-BGP)}},
  journal      = {{IEEE} J. Sel. Areas Commun.},
  volume       = {18},
  number       = {4},
  pages        = {582--592},
  year         = {2000},
  url          = {https://doi.org/10.1109/49.839934},
  doi          = {10.1109/49.839934}
}

@online{add:bip-schnorr,
  shorthand = {BIP340},
  author    = {Pieter Wuille and Jonas Nick and Tim Ruffing},
  title     = {Schnorr Signatures for secp256k1},
  howpublished = {Bitcoin Improvement Proposal 340},
  year      = {2020},
  note      = {See \url{https://github.com/bitcoin/bips/blob/master/bip-0340.mediawiki}}
}

@misc{add:bip-taproot,
  shorthand    = {BIP341},
  author       = {Wuille, Pieter and Nick, Jonas and Towns, Anthony},
  title        = {Taproot: SegWit version 1 spending rules},
  howpublished = {Bitcoin Improvement Proposal 341},
  year         = {2020},
  note         = {See \url{https://github.com/bitcoin/bips/blob/master/bip-0341.mediawiki}}
}

@misc{add:bip-hdwallets,
  shorthand    = {BIP32},
  author       = {Wuille, Pieter},
  title        = {Hierarchical Deterministic Wallets},
  howpublished = {Bitcoin Improvement Proposal 32},
  year         = {2012},
  note         = {See \url{https://github.com/bitcoin/bips/blob/master/bip-0032.mediawiki}}
}

@misc{add:cisa-report,
  author       = {Jahr, Fabian},
  title        = {Cross-Input Signature Aggregation for {Bitcoin}},
  howpublished = {Report of the Human Rights Foundation},
  year         = {2025},
  note         = {See \url{https://hrf.org/latest/cisa-research-paper/}}
}

@misc{add:cisa-research,
  author       = {Jahr, Fabian},
  title        = {CISA Research -- Cross-Input Signature Aggregation for {Bitcoin}},
  year         = {2025},
  note         = {See \url{https://hrf.org/latest/cisa-research-paper/}}
}

@misc{add:bip-segwit,
  author       = {Lombrozo, Eric and Lau, Johnson and Wuille, Pieter},
  title        = {Segregated Witness (Consensus layer)},
  howpublished = {Bitcoin Improvement Proposal 141},
  year         = {2015},
  note         = {See \url{https://github.com/bitcoin/bips/blob/master/bip-0141.mediawiki}}
}

@article{add:nick2025dahlias,
  title={DahLIAS: Discrete Logarithm-Based Interactive Aggregate Signatures},
  author={Nick, Jonas and Ruffing, Tim and Seurin, Yannick},
  journal={Cryptology ePrint Archive},
  year={2025}
}
